@book{Last2012,
	author = {Last, First von},
	title = {Book},
	publisher = {Publisher},
	year = {2012},
}

@article{ArticleEntry,
    author = {Doe, J.D. and Visser, H.},
    title = {Title of the article},
    publisher = {Publisher},
    journal = {Journal of the article},
    volume = {1},
    year = {2012},
    pages = {100--102},
}

@misc{MiscEntry,
	author = {Doe, J.D. and Hasselhoff, D.},
	title = {Title of miscellaneous entry},	
	howpublished = {\url{http://www.howtotex.com/}},
}